<?xml version="1.0" encoding="UTF-8"?><record xmlns="http://www.loc.gov/MARC21/slim" xmlns:cinclude="http://apache.org/cocoon/include/1.0" xmlns:zs="http://www.loc.gov/zing/srw/">
  <leader>02096cz  a2200289n  4500</leader>
  <controlfield tag="001">no2009030122</controlfield>
  <controlfield tag="003">DLC</controlfield>
  <controlfield tag="005">20130326121033.0</controlfield>
  <controlfield tag="008">090226n| azannaabn          |b aaa     c</controlfield>
  <datafield tag="010" ind1=" " ind2=" ">
    <subfield code="a">no2009030122</subfield>
  </datafield>
  <datafield tag="035" ind1=" " ind2=" ">
    <subfield code="a">(OCoLC)oca08027545</subfield>
  </datafield>
  <datafield tag="040" ind1=" " ind2=" ">
    <subfield code="a">NjP</subfield>
    <subfield code="b">eng</subfield>
    <subfield code="e">rda</subfield>
    <subfield code="c">NjP</subfield>
    <subfield code="d">DLC</subfield>
  </datafield>
  <datafield tag="046" ind1=" " ind2=" ">
    <subfield code="g">1865~</subfield>
    <subfield code="2">edtf</subfield>
  </datafield>
  <datafield tag="100" ind1="1" ind2=" ">
    <subfield code="a">Fidāʼī al-Yazdī, Yaḥyá ibn Muḥammad ʻAlī,</subfield>
    <subfield code="d">-approximately 1865</subfield>
  </datafield>
  <datafield tag="400" ind1="1" ind2=" ">
    <subfield code="w">nnea</subfield>
    <subfield code="a">Fidāʼī al-Yazdī, Yaḥyá ibn Muḥammad ʻAlī,</subfield>
    <subfield code="d">d. ca. 1865</subfield>
  </datafield>
  <datafield tag="400" ind1="1" ind2=" ">
    <subfield code="a">Fidāyī Yazdī, Yaḥyá ibn Muḥammad ʻAlī,</subfield>
    <subfield code="d">-approximately 1865</subfield>
  </datafield>
  <datafield tag="400" ind1="1" ind2=" ">
    <subfield code="a">Ṭabāṭabāʼī, Yaḥyá ibn Muḥammad ʻAlī,</subfield>
    <subfield code="d">-approximately 1865</subfield>
  </datafield>
  <datafield tag="400" ind1="0" ind2=" ">
    <subfield code="a">Yaḥyá ibn Muḥammad ʻAlī al-Fidāʼī al-Yazdī,</subfield>
    <subfield code="d">-approximately 1865</subfield>
  </datafield>
  <datafield tag="400" ind1="1" ind2=" ">
    <subfield code="a">Yazdī, Yaḥyá ibn Muḥammad ʻAlī al-Fidāʼī,</subfield>
    <subfield code="d">-approximately 1865</subfield>
  </datafield>
  <datafield tag="400" ind1="1" ind2=" ">
    <subfield code="a">طباطبائي، يحيى بن محمد علي،</subfield>
    <subfield code="d">-approximately 1865</subfield>
  </datafield>
  <datafield tag="400" ind1="1" ind2=" ">
    <subfield code="a">فدائي اليزدي، يحيى بن محمد علي،</subfield>
    <subfield code="d">-approximately 1865</subfield>
  </datafield>
  <datafield tag="400" ind1="1" ind2=" ">
    <subfield code="a">فدايي يزدي، يحيى بن محمد علي،</subfield>
    <subfield code="d">-approximately 1865</subfield>
  </datafield>
  <datafield tag="400" ind1="0" ind2=" ">
    <subfield code="a">يحيى بن محمد علي الفدائي اليزدي،</subfield>
    <subfield code="d">-approximately 1865</subfield>
  </datafield>
  <datafield tag="400" ind1="1" ind2=" ">
    <subfield code="a">يزدي، يحيى بن محمد علي الفدائي،</subfield>
    <subfield code="d">-approximately 1865</subfield>
  </datafield>
  <datafield tag="667" ind1=" " ind2=" ">
    <subfield code="a">Non-Latin script references not evaluated.</subfield>
  </datafield>
  <datafield tag="670" ind1=" " ind2=" ">
    <subfield code="a">Sharḥ Manẓūmat fī ʻilm al-naḥw lil-Sayyid Yaḥyá al-Fidāʼī al-Yazdī, 2004:</subfield>
    <subfield code="b">t.p. (السيد يحيى الفدائي اليزدي) Iran. CIP (فدايي يزدي، يحيى بن محمد علي = Fidāyī Yazdī, Yaḥyá ibn Muḥammad ʻAlī) p. 2 (يحيى الفدائي اليزدي بن ميزرا [خطأ] محمد علي وامق بن محمد باقر الطباطبائي = Yaḥyá al-Fidāʼī al-Yazdī ibn Mīzrā [sic] Muḥammad ʻAlī Wāmiq ibn Muḥammad Bāqir al-Ṭabāṭabāʼī; death date varies: 1282 H and 1280 Q)</subfield>
  </datafield>
  <datafield tag="675" ind1=" " ind2=" ">
    <subfield code="a">Ziriklī;</subfield>
    <subfield code="a">Kaḥḥālah;</subfield>
    <subfield code="a">Brockelmann;</subfield>
    <subfield code="a">Fihrist-i mustanad-i asāmī-i mashāhīr va muʼallifān, 2003.</subfield>
  </datafield>
</record>